@Misc{ref,
author = {Daniel W. Dyer},
title = {Evolutionary Computation in Java.
A Practical Guide to the Watchmaker Framework},
month={feb},
year = {2013},
note = {http://watchmaker.uncommons.org/manual/},
}


@Misc{ref1,
author = {Boersma Paul \& Weenink David},
title = {Praat: doing phonetics by computer [Computer program]. Version 5.3.53},
month={July},
year = {2013},
note = {http://www.praat.org/},
}

@book{ref2,
author = {Mitchell Melanie},
title = {An Introduction to Genetic Algorithms},
publisher={MIT Press paperback edition},
year = {1999},
}

@book{ref3,
author={Andries P. Engelbrecht},
title={Computational Intelligence, An Introduction},
publisher={Wley},
year={2003},
}

@Misc{ref4,
author = {John H. Holland},
title = {Genetic Algorithms},
month = {July},
year = {1992},
note={http://faculty.samford.edu/~sfdonald/Courses/cosc407/Papers/Genetic%20algorithms%20(Holland).pdf},
}

@Book{ref5,
author = {Eduardo Reck Miranda},
title = {Computer Sound Design: Synthesis techniques and programming (Music Technology)},
publisher = {Focal press},
year = {2002},
month = {sept},
}
